@inproceedings{pantic2005affective,
	title={Affective multimodal human-computer interaction},
	author={Pantic, Maja and Sebe, Nicu and Cohn, Jeffery F and Huang, Thomas},
	booktitle={Proceedings of the 13th annual ACM international conference on Multimedia},
	pages={669--676},
	year={2005},
	organization={ACM}
}
